@article{browne2012survey,
  title={A survey of monte carlo tree search methods},
  author={Browne, Cameron B and Powley, Edward and Whitehouse, Daniel and Lucas, Simon M and Cowling, Peter I and Rohlfshagen, Philipp and Tavener, Stephen and Perez, Diego and Samothrakis, Spyridon and Colton, Simon},
  journal={IEEE Transactions on Computational Intelligence and AI in games},
  volume={4},
  number={1},
  pages={1--43},
  year={2012},
  publisher={IEEE}
}
@article{chang2005adaptive,
  title={An adaptive sampling algorithm for solving Markov decision processes},
  author={Chang, Hyeong Soo and Fu, Michael C and Hu, Jiaqiao and Marcus, Steven I},
  journal={Operations Research},
  volume={53},
  number={1},
  pages={126--139},
  year={2005},
  publisher={INFORMS}
}
@inproceedings{chaslot2008monte,
  title={Monte-Carlo Tree Search: A New Framework for Game AI.},
  author={Chaslot, Guillaume and Bakkes, Sander and Szita, Istvan and Spronck, Pieter},
  booktitle={AIIDE},
  year={2008}
}
@inproceedings{coulom2006efficient,
  title={Efficient selectivity and backup operators in Monte-Carlo tree search},
  author={Coulom, R{\'e}mi},
  booktitle={International conference on computers and games},
  pages={72--83},
  year={2006},
  organization={Springer}
}
@article{silver2017mastering,
  title={Mastering the game of go without human knowledge},
  author={Silver, David and Schrittwieser, Julian and Simonyan, Karen and Antonoglou, Ioannis and Huang, Aja and Guez, Arthur and Hubert, Thomas and Baker, Lucas and Lai, Matthew and Bolton, Adrian and others},
  journal={Nature},
  volume={550},
  number={7676},
  pages={354--359},
  year={2017},
  publisher={Nature Publishing Group}
}
@inproceedings{karnin2013almost,
  title={Almost optimal exploration in multi-armed bandits},
  author={Karnin, Zohar and Koren, Tomer and Somekh, Oren},
  booktitle={International Conference on Machine Learning},
  pages={1238--1246},
  year={2013}
}
@inproceedings{chen2014combinatorial,
  title={Combinatorial pure exploration of multi-armed bandits},
  author={Chen, Shouyuan and Lin, Tian and King, Irwin and Lyu, Michael R and Chen, Wei},
  booktitle={Advances in Neural Information Processing Systems},
  pages={379--387},
  year={2014}
}
@inproceedings{jamieson2014lil,
  title={lilâ€™ucb: An optimal exploration algorithm for multi-armed bandits},
  author={Jamieson, Kevin and Malloy, Matthew and Nowak, Robert and Bubeck, S{\'e}bastien},
  booktitle={Conference on Learning Theory},
  pages={423--439},
  year={2014}
}
@article{besbes2019optimal,
  title={Optimal Exploration--Exploitation in a Multi-armed Bandit Problem with Non-stationary Rewards},
  author={Besbes, Omar and Gur, Yonatan and Zeevi, Assaf},
  journal={Stochastic Systems},
  volume={9},
  number={4},
  pages={319--337},
  year={2019},
  publisher={INFORMS}
}
@inproceedings{kaufmann2017monte,
  title={Monte-carlo tree search by best arm identification},
  author={Kaufmann, Emilie and Koolen, Wouter M},
  booktitle={Advances in Neural Information Processing Systems},
  pages={4897--4906},
  year={2017}
}
@inproceedings{guo2014deep,
  title={Deep learning for real-time Atari game play using offline Monte-Carlo tree search planning},
  author={Guo, Xiaoxiao and Singh, Satinder and Lee, Honglak and Lewis, Richard L and Wang, Xiaoshi},
  booktitle={Advances in neural information processing systems},
  pages={3338--3346},
  year={2014}
}
@article{justesen2019deep,
  title={Deep learning for video game playing},
  author={Justesen, Niels and Bontrager, Philip and Togelius, Julian and Risi, Sebastian},
  journal={IEEE Transactions on Games},
  year={2019},
  publisher={IEEE}
}
@article{negrinho2017deeparchitect,
  title={Deeparchitect: Automatically designing and training deep architectures},
  author={Negrinho, Renato and Gordon, Geoff},
  journal={arXiv preprint arXiv:1704.08792},
  year={2017}
}
@phdthesis{omondi2019monte,
  title={A Monte Carlo tree search algorithm for optimization of load scalability in database systems},
  author={Omondi, Allan Odhiambo},
  year={2019},
  school={Strathmore University}
}
@article{yang2019concepts,
  title={Concepts of artificial intelligence for computer-assisted drug discovery},
  author={Yang, Xin and Wang, Yifei and Byrne, Ryan and Schneider, Gisbert and Yang, Shengyong},
  journal={Chemical reviews},
  volume={119},
  number={18},
  pages={10520--10594},
  year={2019},
  publisher={ACS Publications}
}
@inproceedings{vien2015hierarchical,
  title={Hierarchical monte-carlo planning},
  author={Vien, Ngo Anh and Toussaint, Marc},
  booktitle={Twenty-Ninth AAAI Conference on Artificial Intelligence},
  year={2015}
}
@article{anthony2019policy,
  title={Policy gradient search: Online planning and expert iteration without search trees},
  author={Anthony, Thomas and Nishihara, Robert and Moritz, Philipp and Salimans, Tim and Schulman, John},
  journal={arXiv preprint arXiv:1904.03646},
  year={2019}
}
@article{benbassat2014evomcts,
  title={EvoMCTS: A scalable approach for general game learning},
  author={Benbassat, Amit and Sipper, Moshe},
  journal={IEEE Transactions on Computational Intelligence and AI in Games},
  volume={6},
  number={4},
  pages={382--394},
  year={2014},
  publisher={IEEE}
}
@inproceedings{lucas2014fast,
  title={Fast evolutionary adaptation for monte carlo tree search},
  author={Lucas, Simon M and Samothrakis, Spyridon and Perez, Diego},
  booktitle={European Conference on the Applications of Evolutionary Computation},
  pages={349--360},
  year={2014},
  organization={Springer}
}
@article{best2019dec,
  title={Dec-MCTS: Decentralized planning for multi-robot active perception},
  author={Best, Graeme and Cliff, Oliver M and Patten, Timothy and Mettu, Ramgopal R and Fitch, Robert},
  journal={The International Journal of Robotics Research},
  volume={38},
  number={2-3},
  pages={316--337},
  year={2019},
  publisher={SAGE Publications Sage UK: London, England}
}
@article{wang2019alphax,
  title={Alphax: exploring neural architectures with deep neural networks and monte carlo tree search},
  author={Wang, Linnan and Zhao, Yiyang and Jinnai, Yuu and Tian, Yuandong and Fonseca, Rodrigo},
  journal={arXiv preprint arXiv:1903.11059},
  year={2019}
}
@inproceedings{fu2018monte,
  title={Monte Carlo tree search: A tutorial},
  author={Fu, Michael C},
  booktitle={2018 Winter Simulation Conference (WSC)},
  pages={222--236},
  year={2018},
  organization={IEEE}
}
@article{slivkins2014contextual,
  title={Contextual bandits with similarity information},
  author={Slivkins, Aleksandrs},
  journal={The Journal of Machine Learning Research},
  volume={15},
  number={1},
  pages={2533--2568},
  year={2014},
  publisher={JMLR. org}
}
@article{lattimore2018bandit,
  title={Bandit algorithms},
  author={Lattimore, Tor and Szepesv{\'a}ri, Csaba},
  journal={preprint},
  pages={28},
  year={2018}
}
@article{lai1985asymptotically,
  title={Asymptotically efficient adaptive allocation rules},
  author={Lai, Tze Leung and Robbins, Herbert},
  journal={Advances in applied mathematics},
  volume={6},
  number={1},
  pages={4--22},
  year={1985},
  publisher={Academic Press}
}
@article{auer2002finite,
  title={Finite-time analysis of the multiarmed bandit problem},
  author={Auer, Peter and Cesa-Bianchi, Nicolo and Fischer, Paul},
  journal={Machine learning},
  volume={47},
  number={2-3},
  pages={235--256},
  year={2002},
  publisher={Springer}
}
@inproceedings{garivier2011upper,
  title={On upper-confidence bound policies for switching bandit problems},
  author={Garivier, Aur{\'e}lien and Moulines, Eric},
  booktitle={International Conference on Algorithmic Learning Theory},
  pages={174--188},
  year={2011},
  organization={Springer}
}
@inproceedings{stanescu2016evaluating,
  title={Evaluating real-time strategy game states using convolutional neural networks},
  author={Stanescu, Marius and Barriga, Nicolas A and Hess, Andy and Buro, Michael},
  booktitle={2016 IEEE Conference on Computational Intelligence and Games (CIG)},
  pages={1--7},
  year={2016},
  organization={IEEE}
}
@inproceedings{barriga2017combining,
  title={Combining strategic learning with tactical search in real-time strategy games},
  author={Barriga, Nicolas A and Stanescu, Marius and Buro, Michael},
  booktitle={Thirteenth Artificial Intelligence and Interactive Digital Entertainment Conference},
  year={2017}
}
@inproceedings{kocsis2006bandit,
  title={Bandit based monte-carlo planning},
  author={Kocsis, Levente and Szepesv{\'a}ri, Csaba},
  booktitle={European conference on machine learning},
  pages={282--293},
  year={2006},
  organization={Springer}
}
@inproceedings{ontanon2013combinatorial,
  title={The combinatorial multi-armed bandit problem and its application to real-time strategy games},
  author={Ontan{\'o}n, Santiago},
  booktitle={Ninth Artificial Intelligence and Interactive Digital Entertainment Conference},
  year={2013}
}
@inproceedings{cazenave2015generalized,
  title={Generalized rapid action value estimation},
  author={Cazenave, Tristan},
  booktitle={Twenty-Fourth International Joint Conference on Artificial Intelligence},
  year={2015}
}
@inproceedings{sironi2019comparing,
  title={Comparing Randomization Strategies for Search-Control Parameters in Monte-Carlo Tree Search},
  author={Sironi, Chiara F and Winands, Mark HM},
  booktitle={2019 IEEE Conference on Games (CoG)},
  pages={1--8},
  year={2019},
  organization={IEEE}
}
@inproceedings{zerbel2019multiagent,
  title={Multiagent Monte Carlo Tree Search},
  author={Zerbel, Nicholas and Yliniemi, Logan},
  booktitle={Proceedings of the 18th International Conference on Autonomous Agents and MultiAgent Systems},
  pages={2309--2311},
  year={2019},
  organization={International Foundation for Autonomous Agents and Multiagent Systems}
}
@inproceedings{kiarostami2019multi,
  title={Multi-Agent non-Overlapping Pathfinding with Monte-Carlo Tree Search},
  author={Kiarostami, Mohammad Sina and Daneshvaramoli, Mohammad Reza and Monfared, Saleh Khalaj and Rahmati, Dara and Gorgin, Saeid},
  booktitle={2019 IEEE Conference on Games (CoG)},
  pages={1--4},
  year={2019},
  organization={IEEE}
}
@inproceedings{gelly2007combining,
  title={Combining online and offline knowledge in UCT},
  author={Gelly, Sylvain and Silver, David},
  booktitle={Proceedings of the 24th international conference on Machine learning},
  pages={273--280},
  year={2007}
}
@article{gelly2011monte,
  title={Monte-Carlo tree search and rapid action value estimation in computer Go},
  author={Gelly, Sylvain and Silver, David},
  journal={Artificial Intelligence},
  volume={175},
  number={11},
  pages={1856--1875},
  year={2011},
  publisher={Elsevier}
}
@article{haeri2017virtual,
  title={Virtual network embedding via monte carlo tree search},
  author={Haeri, Soroush and Trajkovi{\'c}, Ljiljana},
  journal={IEEE transactions on cybernetics},
  volume={48},
  number={2},
  pages={510--521},
  year={2017},
  publisher={IEEE}
}
@article{pepels2014real,
  title={Real-time monte carlo tree search in ms pac-man},
  author={Pepels, Tom and Winands, Mark HM and Lanctot, Marc},
  journal={IEEE Transactions on Computational Intelligence and AI in games},
  volume={6},
  number={3},
  pages={245--257},
  year={2014},
  publisher={IEEE}
}
@inproceedings{soemers2016enhancements,
  title={Enhancements for real-time Monte-Carlo tree search in general video game playing},
  author={Soemers, Dennis JNJ and Sironi, Chiara F and Schuster, Torsten and Winands, Mark HM},
  booktitle={2016 IEEE Conference on Computational Intelligence and Games (CIG)},
  pages={1--8},
  year={2016},
  organization={IEEE}
}